@inproceedings{esann2013,
  author    = {V. Jacques and P. Filzmoser and C. Bernet and C. Gosselin},
  title     = {High-dimensional data clustering},
  booktitle = {Proceedings of the 21st European Symposium on Artificial Neural Networks, Computational Intelligence and Machine Learning (ESANN)},
  year      = {2013},
  pages     = {345--350},
note = {Disponible en: \url{https://www.esann.org/sites/default/files/proceedings/legacy/es2013-84.pdf}}


}

@inproceedings{anguitaSVM,
  author    = {Davide Anguita and Alessandro Ghio and Luca Oneto and Xavier Parra and Jorge L. Reyes-Ortiz},
  title     = {A Public Domain Dataset for Human Activity Recognition Using Smartphones},
  booktitle = {21st European Symposium on Artificial Neural Networks, Computational Intelligence and Machine Learning, ESANN 2013},
  address   = {Bruges, Belgium},
  month     = {April},
  year      = {2013},
  doi       = {10.1007/978-3-030-51517-1_35},
note = {Disponible en: \url{https://link.springer.com/chapter/10.1007/978-3-030-51517-1\_35}}

}
