@inproceedings{esann2013,
  author    = {V. Jacques and P. Filzmoser and C. Bernet and C. Gosselin},
  title     = {High-dimensional data clustering},
  booktitle = {Proceedings of the 21st European Symposium on Artificial Neural Networks, Computational Intelligence and Machine Learning (ESANN)},
  year      = {2013},
  pages     = {345--350},
  url       = {https://www.esann.org/sites/default/files/proceedings/legacy/es2013-84.pdf}
}